@manual{sample,
  author = {TU Dortmund},
  title = {Versuch 354: ged√§mpfte und erzwungene Schwingungen},
  year = 2014
}

@manual{samples,
  author = {TU Dortmund},
  title = {Versuch 353: Das Relaxationsverhalten eines RC-Kreises},
  year = 2014
}
