@manual{sample,
  author = {TU Dortmund},
  title = {Versuch zum Literaturverzeichnis},
  year = 2016,
  month = 05,  
  address = {Link einf√ºgen},
}
