@manual{sample,
  author = {TU Dortmund},
  title = {Das Tr√§gheitsmoment},
  year = 2015

}
