@manual{sample,
  author = {TU Dortmund},
  title = {Versuch 406, Beugung am Spalt},
  year = 2016,
  address = {http://129.217.224.2/HOMEPAGE/PHYSIKER/BACHELOR/AP/SKRIPT/V406.pdf},
}
