@manual{sample,
  author = {TU Dortmund},
  title = {Versuch 303: Der Lock-In-Verst√§rker},
  year = 2014
}
