@manual{sample,
  author = {TU Dortmund},
  title = {Versuch 351: Fourier-Analyse und -Synthese},
  year = 2014
}
