@manual{sample,
  author = {TU Dortmund},
  title = {Versuch 355: Gekoppelte Schwingkreise},
  url = "http://129.217.224.2/HOMEPAGE/Anleitung_AP.html",
  note = "[4.\,Feb.\,2016]",
}
