@manual{sample,
  author = {TU Dortmund},
  title = {Versuch 408, Geometrische Optik},
  year = 2016,
  address = {http://129.217.224.2/HOMEPAGE/PHYSIKER/BACHELOR/AP/SKRIPT/V408.pdf},
}
