@manual{sample,
  author = {TU Dortmund},
  title = {Versuch 704, Absorbtion von $\gamma$- und $\beta$-Strahlung},
  year = 2016,
  month = 05,
  address = {http://129.217.224.2/HOMEPAGE/PHYSIKER/BACHELOR/AP/SKRIPT/V704.pdf},
}

@manual{Kupfer,
  title = {Molvolumen},
  year = 2016,
  month = 05,
  address = {http://www.internetchemie.info/chemiewiki/index.php},
}

@manual{wiki,
  author = {Ren√© Rausch},
  title = {Das Periodensystem der Elemente Online},
  year = 2016,
  month = 05,
  address = {http://www.internetchemie.info/chemiewiki/index.php?title=Molvolumen},
}
