@manual{M,
  author = {GESTIS-Stoffdatenbank des BGIA},
  title = {Eintrag zu Dichlordifluormethan},
  year = 2015,
}
@manual{Abb,
  author = {TU Dortmund},
  title = {Versuchsanleitung 206 Die WÃ¤rmepumpe},
  year = 2015,
}
