@manual{sample,
  author = {TU Dortmund},
  title = {Versuch 207: Das Stefan-Boltzmann-Gesetz},
  year = 2014
}
