@manual{sample,
  author = {TU Dortmund},
  title = {Versuch zum Literaturverzeichnis},
  note = {abgerufen am: 17.06.2016},
  address = {Link einf√ºgen},
}

@manual{uncertainties,
  author = {Python},
  title = {"uncertainties"},
  note = {Version: 2.4.8, abgerufen am: 17.06.2016},
  address = {https://pythonhosted.org/uncertainties/},
}

@manual{lmfit,
  author = {Python},
  title = {"lmfit"},
  note = {Version: 0.9.3, abgerufen am: 17.06.2016},
  address = {https://pypi.python.org/pypi/lmfit/},
}
