@manual{sample,
  author = {TU Dortmund},
  title = {Versuch 605, Die Spektren der Alkali-Atome},
  year = 2016,
  month = 05,
  address = {http://129.217.224.2/HOMEPAGE/PHYSIKER/BACHELOR/AP/SKRIPT/V605.pdf},
}
