@manual{pra,
  author = {TU Dortmund},
  title = {Versuch 504, Thermische Elektronenmission},
  year = 2016,
  address = {http://129.217.224.2/HOMEPAGE/PHYSIKER/BACHELOR/AP/SKRIPT/V504.pdf},
}
@manual{Wolfram,
  author = {Lexikon der Physik},
  title = {Austrittsarbeit},
  year = 2016,
  address = {http://www.spektrum.de/lexikon/physik/austrittsarbeit/1067},
}
