@manual{sample,
  author = {TU Dortmund},
  title = {Versuch US3, Doppler-Sonographie},
  year = 2016,
  month = 06,
  address = {http://129.217.224.2/HOMEPAGE/PHYSIKER/BACHELOR/AP/SKRIPT/DopplerSonogr.pdf},
}
