@manual{sample,
  author = {TU Dortmund},
  title = {V302: Br√ºckenschaltung},
  year = 2014,
  address = {http://129.217.224.2/HOMEPAGE/PHYSIKER/BACHELOR/AP/SKRIPT/V302.pdf},
}
