@manual{Aufbau,
  author = {TU Dortmund},
  title = {Versuchsanleitung 204 WÃ¤rmeleitung von Metallen},
  year = 2015,
  month = November,

 }
