@manual{sample,
  author = {TU Dortmund},
  title = {Versuch 102: Drehschwingungen},
  year = 2016,
  address = {http://129.217.224.2/HOMEPAGE/PHYSIKER/BACHELOR/AP/SKRIPT/V102.pdf},
}

@manual{Literatur,
  title = {Horizontale Erdmagnetfeldkomponente f√ºr Dortmund},
  month = {Februar},
  year = 2016,
  address = {http://www-app1.gfz-potsdam.de/cgi-bin/igrf.pl}
}
